<?xml version="1.0" encoding="UTF-8"?><collection><record><leader>04445ntm a2200517 a 4500</leader><controlfield tag="001">006819560</controlfield><controlfield tag="003">MiAaHDL</controlfield><controlfield tag="005">20190719000000.0</controlfield><controlfield tag="006">m        d        </controlfield><controlfield tag="007">cr bn ---auaua</controlfield><controlfield tag="008">090617s1825    xx            00| ||per d</controlfield><datafield tag="035" ind1=" " ind2=" "><subfield code="a">(MiU)006819560</subfield></datafield><datafield tag="035" ind1=" " ind2=" "><subfield code="a">sdr-miu006819560</subfield></datafield><datafield tag="040" ind1=" " ind2=" "><subfield code="a">MiU</subfield><subfield code="c">MiU</subfield><subfield code="e">amremm</subfield></datafield><datafield tag="043" ind1=" " ind2=" "><subfield code="a">n-us-mi</subfield></datafield><datafield tag="100" ind1="0" ind2=" "><subfield code="6">880-01</subfield><subfield code="a">Zakī Hamadānī,</subfield><subfield code="d">d. 1620 or 21?</subfield></datafield><datafield tag="245" ind1="1" ind2="0"><subfield code="6">880-03</subfield><subfield code="a">[Dīvān-i Zakī Hamadānī,</subfield><subfield code="f">1240?, i.e. 1825?].</subfield></datafield><datafield tag="246" ind1="3" ind2=" "><subfield code="a">ديوان زكى همدانى</subfield></datafield><datafield tag="260" ind1=" " ind2=" "><subfield code="c">[1825?].</subfield></datafield><datafield tag="300" ind1=" " ind2=" "><subfield code="a">107 leaves :</subfield><subfield code="b">paper ;</subfield><subfield code="c">140 x 94 (102 x 54) mm.</subfield></datafield><datafield tag="500" ind1=" " ind2=" "><subfield code="a">Shelfmark: Ann Arbor, University of Michigan, Special Collections Library, Isl. Ms. 366</subfield></datafield><datafield tag="500" ind1=" " ind2=" "><subfield code="a">Origin: As appears in colophon at close, copied by ("nammaqahu [?]...") one ʻAbd al-Rashīd ...[?] with transcription completed in Ramaḍān 1240 [?] [April-May 1825, or April-May 1140, 1725 ?].</subfield></datafield><datafield tag="500" ind1=" " ind2=" "><subfield code="a">Accompanying materials: Folded slip of paper with notes in blue ink in hand of G. Meredith-Owens "366 A Dīvān, probably that of Amīr Khusraw of Delhi (but I should need rapid copies of some folios to verify this). 19th century - the paper suggests India."</subfield></datafield><datafield tag="500" ind1=" " ind2=" "><subfield code="a">Former shelfmark: "426 T. De M. [i.e. Tammaro De Marinis]" inscribed in pencil on interior of upper cover.</subfield></datafield><datafield tag="500" ind1=" " ind2=" "><subfield code="a">Binding: Red-brown (see turn-ins) coarse-grained leather lined in untinted laid paper (limp binding) ; Type III binding (without flap), two piece binding (seam of overlapping flanges visible at spine) ; upper and lower covers carry blind-tooled border in a series of s-shaped stamps ; sewn in lime green thread, two stations ; endbands virtually gone, though core of headband remains ; overall in somewhat poor condition with abrasion, moisture damage, staining, spine curved and fore edge protruding, etc.</subfield></datafield><datafield tag="500" ind1=" " ind2=" "><subfield code="a">Support: non-European laid (likely Indian or Persian) paper with 9 laid lines per cm. (vertical, quite distinct) and no chain lines clearly visible, well-burnished, sturdy, and fairly transluscent though stained a dark brown.</subfield></datafield><datafield tag="500" ind1=" " ind2=" "><subfield code="a">Decoration: Keywords (mainly in margins at end of each line) and section headings rubricated ; races of once "gold" (now gone to green) cloud-bands on opening leaf (facing now lost incipit page) ; written area surrounded by frame consisting of "gold" band defined by black fillets with outermost light blue fillet, columns within and margin defined by narrow "gold" bands outlined by black fillets.</subfield></datafield><datafield tag="500" ind1=" " ind2=" "><subfield code="a">Script: Shikastah (shikastah-nastaʻlīq / شكسته نستعليق ) ; elegant hand ; serifless, with effect of words descending to baseline, closed counters, and elongated 'horizontal' strokes.</subfield></datafield><datafield tag="500" ind1=" " ind2=" "><subfield code="a">Layout: Written in 14 lines per page, mainly divided to two columns; frame-ruled.</subfield></datafield><datafield tag="500" ind1=" " ind2=" "><subfield code="a">Collation: VI-1 (7), 7 IV(63), III (69), 4 IV(101), III (107) ; almost exclusively quaternions with two ternions ; final leaf left blank ; catchwords present.</subfield></datafield><datafield tag="500" ind1=" " ind2=" "><subfield code="a">Colophon: "Scribal," reads "نمقه الاقل [؟] العبد عبد الرشيد ... في شهر رمضان المبارك سنه ۱۲۴۰ [?] ..."</subfield></datafield><datafield tag="500" ind1=" " ind2=" "><subfield code="a">Incipit: "بسوی مصر نیامد نسیمی از کنعان که دامنی نزند آتش زلیخا را ..."</subfield></datafield><datafield tag="500" ind1=" " ind2=" "><subfield code="a">Title supplied by cataloguer.</subfield></datafield><datafield tag="500" ind1=" " ind2=" "><subfield code="a">Ms. codex.</subfield></datafield><datafield tag="510" ind1="4" ind2=" "><subfield code="a">Āghā Buzurg al-Ṭihrānī. al-Dharīʻah ilá taṣānīf al-Shīʻah,</subfield><subfield code="c">no.2352, vol.9, p.403</subfield></datafield><datafield tag="520" ind1="8" ind2=" "><subfield code="a">Worn, acephalous copy of a selection of poetry, possibly from the Dīvān of Zakī Hamadānī (see Āghā Buzurg al-Ṭihrānī, no.2352). Contribution to the cataloguing from Hossein Mottaghi.</subfield></datafield><datafield tag="538" ind1=" " ind2=" "><subfield code="a">Mode of access: Internet.</subfield></datafield><datafield tag="541" ind1=" " ind2=" "><subfield code="c">Purchase ;</subfield><subfield code="a">Acquired by purchase (funds donated by Horace Rackham).</subfield><subfield code="d">1924.</subfield></datafield><datafield tag="546" ind1=" " ind2=" "><subfield code="a">Persian.</subfield></datafield><datafield tag="561" ind1=" " ind2=" "><subfield code="a">Teardrop-shaped seal impression by colophon at close ; partially effaced inscriptions on final leaf and interior of lower cover.</subfield></datafield><datafield tag="650" ind1=" " ind2="0"><subfield code="a">Manuscripts, Persian</subfield><subfield code="z">Michigan</subfield><subfield code="z">Ann Arbor.</subfield></datafield><datafield tag="650" ind1=" " ind2="0"><subfield code="a">Persian poetry</subfield><subfield code="y">747-1500.</subfield></datafield><datafield tag="700" ind1="0" ind2=" "><subfield code="a">Abdülhamid</subfield><subfield code="b">II,</subfield><subfield code="c">Sultan of the Turks,</subfield><subfield code="d">1842-1918,</subfield><subfield code="e">former owner.</subfield></datafield><datafield tag="773" ind1="0" ind2=" "><subfield code="a">Abdul Hamid Collection.</subfield></datafield><datafield tag="880" ind1="1" ind2="0"><subfield code="6">245-03/</subfield><subfield code="a">[دیوان زکی همدانی,</subfield><subfield code="f">1240ه؟, 1825م؟].</subfield></datafield><datafield tag="880" ind1="0" ind2=" "><subfield code="6">100-01/</subfield><subfield code="a">زكى همدانى.</subfield></datafield><datafield tag="CID" ind1=" " ind2=" "><subfield code="a">006819560</subfield></datafield><datafield tag="DAT" ind1="0" ind2=" "><subfield code="a">20190719102639.0</subfield><subfield code="b">20190719000000.0</subfield></datafield><datafield tag="DAT" ind1="1" ind2=" "><subfield code="a">20190719090653.0</subfield><subfield code="b">2019-07-19T16:12:05Z</subfield></datafield><datafield tag="DAT" ind1="2" ind2=" "><subfield code="a">2015-10-02T18:00:03Z</subfield></datafield><datafield tag="CAT" ind1=" " ind2=" "><subfield code="a">SDR-MIU</subfield><subfield code="d">EX LIBRIS - ALEPH</subfield><subfield code="l">prepare.pl-004-008</subfield></datafield><datafield tag="FMT" ind1=" " ind2=" "><subfield code="a">BK</subfield></datafield><datafield tag="HOL" ind1=" " ind2=" "><subfield code="0">sdr-miu006819560</subfield><subfield code="a">MiU</subfield><subfield code="b">SDR</subfield><subfield code="c">MIU</subfield><subfield code="p">mdp.39015079130418</subfield><subfield code="s">MIU</subfield><subfield code="1">006819560</subfield></datafield><datafield tag="974" ind1=" " ind2=" "><subfield code="b">MIU</subfield><subfield code="c">MIU</subfield><subfield code="d">20190719</subfield><subfield code="s">lit-dlps-dc</subfield><subfield code="u">mdp.39015079130418</subfield><subfield code="y">1825</subfield><subfield code="r">pd</subfield><subfield code="q">bib</subfield><subfield code="t">non-US bib date1 &lt; 1879</subfield></datafield></record></collection>